@article{thrun2002probabilistic,
    title={Probabilistic robotics},
    author={Thrun, Sebastian},
    journal={Communications of the ACM},
    volume={45},
    number={3},
    pages={52--57},
    year={2002},
    publisher={ACM}
}
